
		<record>
			<header>
				<identifier>oai:aleph.mzk.cz:MZK01-000000144</identifier>
				<datestamp>2014-08-21T13:02:18Z</datestamp>
				<setSpec>MZK01-VDK</setSpec>
			</header>
			<metadata>
				<marc:record xmlns:marc="http://www.loc.gov/MARC21/slim"
					xmlns:xsi="http://www.w3.org/2001/XMLSchema-instance"
					xsi:schemaLocation="http://www.loc.gov/MARC21/slim
http://www.loc.gov/standards/marcxml/schema/MARC21slim.xsd">
					<marc:leader>     nam a22      a 4500</marc:leader>
					<marc:controlfield tag="001">000000144</marc:controlfield>
					<marc:controlfield tag="003">CZ BrMZK</marc:controlfield>
					<marc:controlfield tag="005">19940419143423.0</marc:controlfield>
					<marc:controlfield tag="008">940412s1993    xx     f            und d</marc:controlfield>
					<marc:datafield tag="020" ind1=" " ind2=" ">
						<marc:subfield code="c">40.00</marc:subfield>
					</marc:datafield>
					<marc:datafield tag="040" ind1=" " ind2=" ">
						<marc:subfield code="a">BOA001</marc:subfield>
						<marc:subfield code="b">cze</marc:subfield>
					</marc:datafield>
					<marc:datafield tag="245" ind1="0" ind2="0">
						<marc:subfield code="a">Abdikacijata na car Ferdinand :</marc:subfield>
						<marc:subfield code="b">Dokumenti, spomeni, fakti</marc:subfield>
					</marc:datafield>
					<marc:datafield tag="260" ind1=" " ind2=" ">
						<marc:subfield code="a">Sofija :</marc:subfield>
						<marc:subfield code="b">Otečestvo,</marc:subfield>
						<marc:subfield code="c">1993</marc:subfield>
					</marc:datafield>
					<marc:datafield tag="541" ind1=" " ind2=" ">
						<marc:subfield code="a">Sofija, Narodna biblioteka</marc:subfield>
					</marc:datafield>
					<marc:datafield tag="910" ind1=" " ind2=" ">
						<marc:subfield code="a">BOA001</marc:subfield>
					</marc:datafield>
					<marc:datafield tag="990" ind1=" " ind2=" ">
						<marc:subfield code="a">BK</marc:subfield>
					</marc:datafield>
					<marc:datafield tag="996" ind1="7" ind2=" ">
						<marc:subfield code="b">2610007475</marc:subfield>
						<marc:subfield code="c">M2-0997.813</marc:subfield>
						<marc:subfield code="l">SK8</marc:subfield>
						<marc:subfield code="r">DEN</marc:subfield>
						<marc:subfield code="n">0</marc:subfield>
						<marc:subfield code="p">vým</marc:subfield>
						<marc:subfield code="w">000000144</marc:subfield>
						<marc:subfield code="a">1</marc:subfield>
						<marc:subfield code="e">BOA001</marc:subfield>
						<marc:subfield code="s">A</marc:subfield>
					</marc:datafield>
				</marc:record>
			</metadata>
		</record>