
		<record>
			<header>
				<identifier>oai:aleph.mzk.cz:MZK01-000000153</identifier>
				<datestamp>2014-08-21T13:02:18Z</datestamp>
				<setSpec>MZK01-VDK</setSpec>
			</header>
			<metadata>
				<marc:record xmlns:marc="http://www.loc.gov/MARC21/slim"
					xmlns:xsi="http://www.w3.org/2001/XMLSchema-instance"
					xsi:schemaLocation="http://www.loc.gov/MARC21/slim
http://www.loc.gov/standards/marcxml/schema/MARC21slim.xsd">
					<marc:leader>     nam a22      a 4500</marc:leader>
					<marc:controlfield tag="001">000000153</marc:controlfield>
					<marc:controlfield tag="003">CZ BrMZK</marc:controlfield>
					<marc:controlfield tag="005">20090729065052.0</marc:controlfield>
					<marc:controlfield tag="008">941205s1993    xr     f            cze d</marc:controlfield>
					<marc:datafield tag="020" ind1=" " ind2=" ">
						<marc:subfield code="a">80-85573-09-1</marc:subfield>
						<marc:subfield code="c">75.00</marc:subfield>
					</marc:datafield>
					<marc:datafield tag="040" ind1=" " ind2=" ">
						<marc:subfield code="a">BOA001</marc:subfield>
						<marc:subfield code="b">cze</marc:subfield>
					</marc:datafield>
					<marc:datafield tag="043" ind1=" " ind2=" ">
						<marc:subfield code="a">e-xr---</marc:subfield>
					</marc:datafield>
					<marc:datafield tag="072" ind1=" " ind2="7">
						<marc:subfield code="a">657</marc:subfield>
						<marc:subfield code="x">Účetnictví</marc:subfield>
						<marc:subfield code="2">Konspekt</marc:subfield>
						<marc:subfield code="9">4</marc:subfield>
					</marc:datafield>
					<marc:datafield tag="080" ind1=" " ind2=" ">
						<marc:subfield code="a">657</marc:subfield>
						<marc:subfield code="2">MRF</marc:subfield>
					</marc:datafield>
					<marc:datafield tag="080" ind1=" " ind2=" ">
						<marc:subfield code="a">(437.3)</marc:subfield>
						<marc:subfield code="2">MRF</marc:subfield>
					</marc:datafield>
					<marc:datafield tag="080" ind1=" " ind2=" ">
						<marc:subfield code="a">(035)</marc:subfield>
						<marc:subfield code="2">MRF</marc:subfield>
					</marc:datafield>
					<marc:datafield tag="100" ind1="1" ind2=" ">
						<marc:subfield code="a">Kovanicová, Dana,</marc:subfield>
						<marc:subfield code="d">1936-</marc:subfield>
						<marc:subfield code="7">jo20010084374</marc:subfield>
						<marc:subfield code="4">aut</marc:subfield>
					</marc:datafield>
					<marc:datafield tag="245" ind1="1" ind2="0">
						<marc:subfield code="a">Abeceda účetních znalostí pro každého /</marc:subfield>
						<marc:subfield code="c">Dana Kovanicová.</marc:subfield>
					</marc:datafield>
					<marc:datafield tag="260" ind1=" " ind2=" ">
						<marc:subfield code="a">Praha :</marc:subfield>
						<marc:subfield code="b">Trizonia,</marc:subfield>
						<marc:subfield code="c">1993</marc:subfield>
					</marc:datafield>
					<marc:datafield tag="300" ind1=" " ind2=" ">
						<marc:subfield code="a">306 s. :</marc:subfield>
						<marc:subfield code="b">tab., grafy.</marc:subfield>
					</marc:datafield>
					<marc:datafield tag="490" ind1="1" ind2=" ">
						<marc:subfield code="a">Příručky praktických podnikatelů ;</marc:subfield>
						<marc:subfield code="v">Sv.15</marc:subfield>
					</marc:datafield>
					<marc:datafield tag="650" ind1="0" ind2="7">
						<marc:subfield code="a">účetnictví</marc:subfield>
						<marc:subfield code="7">ph116911</marc:subfield>
						<marc:subfield code="2">czenas</marc:subfield>
					</marc:datafield>
					<marc:datafield tag="650" ind1="0" ind2="7">
						<marc:subfield code="a">účetnictví</marc:subfield>
						<marc:subfield code="7">ph116911</marc:subfield>
						<marc:subfield code="z">Česko</marc:subfield>
						<marc:subfield code="2">czenas</marc:subfield>
					</marc:datafield>
					<marc:datafield tag="655" ind1=" " ind2="7">
						<marc:subfield code="a">příručky</marc:subfield>
						<marc:subfield code="7">fd133209</marc:subfield>
						<marc:subfield code="2">czenas</marc:subfield>
					</marc:datafield>
					<marc:datafield tag="830" ind1=" " ind2="0">
						<marc:subfield code="a">Příručky praktických podnikatelů</marc:subfield>
						<marc:subfield code="0">s</marc:subfield>
					</marc:datafield>
					<marc:datafield tag="910" ind1=" " ind2=" ">
						<marc:subfield code="a">BOA001</marc:subfield>
					</marc:datafield>
					<marc:datafield tag="990" ind1=" " ind2=" ">
						<marc:subfield code="a">BK</marc:subfield>
					</marc:datafield>
					<marc:datafield tag="996" ind1="1" ind2=" ">
						<marc:subfield code="b">2610015277</marc:subfield>
						<marc:subfield code="c">2-1004.230</marc:subfield>
						<marc:subfield code="l">SK0</marc:subfield>
						<marc:subfield code="r">SKL</marc:subfield>
						<marc:subfield code="n">11</marc:subfield>
						<marc:subfield code="p">kup ; 0 rev. 2003</marc:subfield>
						<marc:subfield code="w">000000153</marc:subfield>
						<marc:subfield code="a">1</marc:subfield>
						<marc:subfield code="q">0</marc:subfield>
						<marc:subfield code="e">BOA001</marc:subfield>
						<marc:subfield code="s">Z</marc:subfield>
					</marc:datafield>
					<marc:datafield tag="996" ind1="6" ind2=" ">
						<marc:subfield code="b">2610576957</marc:subfield>
						<marc:subfield code="c">2-1004.230</marc:subfield>
						<marc:subfield code="l">SK0</marc:subfield>
						<marc:subfield code="r">SKL</marc:subfield>
						<marc:subfield code="n">0</marc:subfield>
						<marc:subfield code="p">dar</marc:subfield>
						<marc:subfield code="w">000000153</marc:subfield>
						<marc:subfield code="a">1</marc:subfield>
						<marc:subfield code="e">BOA001</marc:subfield>
						<marc:subfield code="s">P</marc:subfield>
					</marc:datafield>
				</marc:record>
			</metadata>
		</record>