
		<record>
			<header>
				<identifier>oai:aleph.mzk.cz:MZK01-000000158</identifier>
				<datestamp>2014-08-21T13:02:18Z</datestamp>
				<setSpec>MZK01-VDK</setSpec>
			</header>
			<metadata>
				<marc:record xmlns:marc="http://www.loc.gov/MARC21/slim"
					xmlns:xsi="http://www.w3.org/2001/XMLSchema-instance"
					xsi:schemaLocation="http://www.loc.gov/MARC21/slim
http://www.loc.gov/standards/marcxml/schema/MARC21slim.xsd">
					<marc:leader>     nam a22      a 4500</marc:leader>
					<marc:controlfield tag="001">000000158</marc:controlfield>
					<marc:controlfield tag="003">CZ BrMZK</marc:controlfield>
					<marc:controlfield tag="005">19940519143423.0</marc:controlfield>
					<marc:controlfield tag="008">940511s1992    gw     f            ger d</marc:controlfield>
					<marc:datafield tag="020" ind1=" " ind2=" ">
						<marc:subfield code="c">80.00</marc:subfield>
					</marc:datafield>
					<marc:datafield tag="040" ind1=" " ind2=" ">
						<marc:subfield code="a">BOA001</marc:subfield>
						<marc:subfield code="b">cze</marc:subfield>
					</marc:datafield>
					<marc:datafield tag="245" ind1="0" ind2="0">
						<marc:subfield code="a">Abfallwirtschaftskonzept für das Land Sachsen-Anhalt</marc:subfield>
					</marc:datafield>
					<marc:datafield tag="260" ind1=" " ind2=" ">
						<marc:subfield code="a">Magdeburg :</marc:subfield>
						<marc:subfield code="b">Ministerium für Umwelt und Naturschutz,</marc:subfield>
						<marc:subfield code="c">1992</marc:subfield>
					</marc:datafield>
					<marc:datafield tag="300" ind1=" " ind2=" ">
						<marc:subfield code="a">131 s., 19 s. příl. :</marc:subfield>
						<marc:subfield code="b">grafy, mp., tab.</marc:subfield>
					</marc:datafield>
					<marc:datafield tag="500" ind1=" " ind2=" ">
						<marc:subfield code="a">Bibliogr. s. 130</marc:subfield>
					</marc:datafield>
					<marc:datafield tag="541" ind1=" " ind2=" ">
						<marc:subfield code="a">Bonn, Deutsche Forschungsgemeinschaft</marc:subfield>
					</marc:datafield>
					<marc:datafield tag="910" ind1=" " ind2=" ">
						<marc:subfield code="a">BOA001</marc:subfield>
					</marc:datafield>
					<marc:datafield tag="990" ind1=" " ind2=" ">
						<marc:subfield code="a">BK</marc:subfield>
					</marc:datafield>
					<marc:datafield tag="996" ind1="7" ind2=" ">
						<marc:subfield code="b">2610008361</marc:subfield>
						<marc:subfield code="c">2-0998.734</marc:subfield>
						<marc:subfield code="l">SK0</marc:subfield>
						<marc:subfield code="r">SKL</marc:subfield>
						<marc:subfield code="n">0</marc:subfield>
						<marc:subfield code="p">vým</marc:subfield>
						<marc:subfield code="w">000000158</marc:subfield>
						<marc:subfield code="a">1</marc:subfield>
						<marc:subfield code="e">BOA001</marc:subfield>
						<marc:subfield code="s">A</marc:subfield>
					</marc:datafield>
				</marc:record>
			</metadata>
		</record>