
		<record>
			<header>
				<identifier>oai:aleph.mzk.cz:MZK01-000000159</identifier>
				<datestamp>2014-08-21T13:02:18Z</datestamp>
				<setSpec>MZK01-VDK</setSpec>
			</header>
			<metadata>
				<marc:record xmlns:marc="http://www.loc.gov/MARC21/slim"
					xmlns:xsi="http://www.w3.org/2001/XMLSchema-instance"
					xsi:schemaLocation="http://www.loc.gov/MARC21/slim
http://www.loc.gov/standards/marcxml/schema/MARC21slim.xsd">
					<marc:leader>     nam a22      a 4500</marc:leader>
					<marc:controlfield tag="001">000000159</marc:controlfield>
					<marc:controlfield tag="003">CZ BrMZK</marc:controlfield>
					<marc:controlfield tag="005">20110428134110.0</marc:controlfield>
					<marc:controlfield tag="008">940221s1993    xxu    f            eng d</marc:controlfield>
					<marc:datafield tag="020" ind1=" " ind2=" ">
						<marc:subfield code="c">300.00</marc:subfield>
					</marc:datafield>
					<marc:datafield tag="040" ind1=" " ind2=" ">
						<marc:subfield code="a">BOA001</marc:subfield>
						<marc:subfield code="b">cze</marc:subfield>
					</marc:datafield>
					<marc:datafield tag="080" ind1="9" ind2=" ">
						<marc:subfield code="a">314.355.23</marc:subfield>
					</marc:datafield>
					<marc:datafield tag="245" ind1="0" ind2="0">
						<marc:subfield code="a">Abortion policies :</marc:subfield>
						<marc:subfield code="b">a global review.</marc:subfield>
						<marc:subfield code="n">Vol. 2.,</marc:subfield>
						<marc:subfield code="p">Gabon to Norway</marc:subfield>
					</marc:datafield>
					<marc:datafield tag="246" ind1="3" ind2="0">
						<marc:subfield code="a">Gabon to Norway</marc:subfield>
					</marc:datafield>
					<marc:datafield tag="260" ind1=" " ind2=" ">
						<marc:subfield code="a">New York :</marc:subfield>
						<marc:subfield code="b">United Nations,</marc:subfield>
						<marc:subfield code="c">1993</marc:subfield>
					</marc:datafield>
					<marc:datafield tag="300" ind1=" " ind2=" ">
						<marc:subfield code="a">8, 243 s.</marc:subfield>
					</marc:datafield>
					<marc:datafield tag="710" ind1="2" ind2=" ">
						<marc:subfield code="a">Organizace spojených národů.</marc:subfield>
						<marc:subfield code="b">Dept. of Economic and Social Development</marc:subfield>
						<marc:subfield code="7">kn20010711332</marc:subfield>
					</marc:datafield>
					<marc:datafield tag="910" ind1=" " ind2=" ">
						<marc:subfield code="a">BOA001</marc:subfield>
					</marc:datafield>
					<marc:datafield tag="964" ind1=" " ind2=" ">
						<marc:subfield code="a">Potraty - statistiky - OSN</marc:subfield>
					</marc:datafield>
					<marc:datafield tag="990" ind1=" " ind2=" ">
						<marc:subfield code="a">BK</marc:subfield>
					</marc:datafield>
					<marc:datafield tag="996" ind1="7" ind2=" ">
						<marc:subfield code="b">2610005726</marc:subfield>
						<marc:subfield code="c">3-0980.357,2</marc:subfield>
						<marc:subfield code="l">SK5</marc:subfield>
						<marc:subfield code="r">SKL</marc:subfield>
						<marc:subfield code="n">2</marc:subfield>
						<marc:subfield code="p">vým</marc:subfield>
						<marc:subfield code="w">000000159</marc:subfield>
						<marc:subfield code="a">1</marc:subfield>
						<marc:subfield code="e">BOA001</marc:subfield>
						<marc:subfield code="s">A</marc:subfield>
					</marc:datafield>
				</marc:record>
			</metadata>
		</record>